<collection xmlns="http://www.loc.gov/MARC21/slim">
<record>
  <leader>01581nam0a22002651i 450 </leader>
  <controlfield tag="001">IT\ICCU\CNCE\061045</controlfield>
  <controlfield tag="005">20050909000000.0</controlfield>
  <datafield tag="100" ind1=" " ind2=" ">
    <subfield code="a">20050905d1583        0itac0103    ba</subfield>
  </datafield>
  <datafield tag="101" ind1=" " ind2=" ">
    <subfield code="a">LAT</subfield>
  </datafield>
  <datafield tag="102" ind1=" " ind2=" ">
    <subfield code="a">IT</subfield>
  </datafield>
  <datafield tag="200" ind1="1" ind2=" ">
    <subfield code="a">℗D. Bernardi doctoris mellitissimi, ac primi abbatis Claraeuallensis coenobij, ℗Opera, in duos tomos distincta. Quibus adiecimus eiusdem auctoris Opuscula: ...</subfield>
  </datafield>
  <datafield tag="205" ind1=" " ind2=" ">
    <subfield code="a">Nunc recens impressa accuratissime recognita, &amp; repurgata: sedulaque collatione ad antiquiorum  exemplarium fidem, natiuae integritati restituta. Cum amplissimis, ac locupletissimis indicibus, ... Tomus primus \-secundus!</subfield>
  </datafield>
  <datafield tag="210" ind1=" " ind2=" ">
    <subfield code="a">Venetiis</subfield>
    <subfield code="c">apud Iuntas</subfield>
    <subfield code="d">1583</subfield>
  </datafield>
  <datafield tag="215" ind1=" " ind2=" ">
    <subfield code="a">2 v.</subfield>
    <subfield code="d">4o</subfield>
  </datafield>
  <datafield tag="300" ind1=" " ind2=" ">
    <subfield code="a">ANNULLATA  !!!!!  vedi 5518((A cura di Franciscus Comestor, il cui nome apparenella pref. del primo tomo. - Marca (Z643) sui front. - Iniziali ornate. - Fregi xil. - Rom. ; cors. - Testo su due colonne</subfield>
  </datafield>
  <datafield tag="620" ind1=" " ind2=" ">
    <subfield code="a">IT</subfield>
    <subfield code="d">Venezia</subfield>
  </datafield>
  <datafield tag="700" ind1=" " ind2="0">
    <subfield code="a">Bernardus</subfield>
    <subfield code="c"> : Claraevallensis</subfield>
    <subfield code="c"> &lt;santo&gt;</subfield>
    <subfield code="3">IT\ICCU\CNCA\000345</subfield>
  </datafield>
  <datafield tag="702" ind1=" " ind2="1">
    <subfield code="a">Comestor,</subfield>
    <subfield code="b">Franȯis</subfield>
    <subfield code="3">IT\ICCU\CNCA\022896</subfield>
  </datafield>
  <datafield tag="712" ind1="0" ind2="2">
    <subfield code="a">s.n.</subfield>
    <subfield code="3">IT\ICCU\CNCT\000002</subfield>
    <subfield code="4">650</subfield>
  </datafield>
  <datafield tag="790" ind1=" " ind2="0">
    <subfield code="a">Bernardo</subfield>
    <subfield code="c"> : di#Chiaravalle</subfield>
    <subfield code="c"> &lt;santo&gt;</subfield>
    <subfield code="3">IT\ICCU\CNCA\012733</subfield>
    <subfield code="z">Bernardus : Claraevallensis &lt;santo&gt;</subfield>
  </datafield>
  <datafield tag="790" ind1=" " ind2="0">
    <subfield code="a">Bernardus</subfield>
    <subfield code="c"> : Abbas</subfield>
    <subfield code="c"> &lt;santo&gt;</subfield>
    <subfield code="3">IT\ICCU\CNCA\012738</subfield>
    <subfield code="z">Bernardus : Claraevallensis &lt;santo&gt;</subfield>
  </datafield>
  <datafield tag="790" ind1=" " ind2="1">
    <subfield code="a">Le_Mangeard,</subfield>
    <subfield code="b">Francois</subfield>
    <subfield code="3">IT\ICCU\CNCA\028207</subfield>
    <subfield code="z">Comestor, Franȯis</subfield>
  </datafield>
  <datafield tag="790" ind1=" " ind2="1">
    <subfield code="a">Comestor,</subfield>
    <subfield code="b">Franciscus</subfield>
    <subfield code="3">IT\ICCU\CNCA\028208</subfield>
    <subfield code="z">Comestor, Franȯis</subfield>
  </datafield>
  <datafield tag="801" ind1=" " ind2="3">
    <subfield code="a">IT</subfield>
    <subfield code="b">ICCU</subfield>
    <subfield code="c">20201115</subfield>
  </datafield>
  <datafield tag="899" ind1=" " ind2=" ">
    <subfield code="a">Biblioteca statale di Montevergine. Mercogliano</subfield>
    <subfield code="1">AV0045</subfield>
    <subfield code="2">NAP MV</subfield>
  </datafield>
</record>
</collection>
